
@article{Mahalakshmi09,
  author    = {G. S. Mahalakshmi and T. V. Geetha},
  title     = {Argument-based learning communities},
  journal   = {Knowledge-Based Systems},
  volume    = {22},
  number    = {4},
  year      = {2009},
  pages     = {316--323}
  }



@article{Black09,
  author    = {Elizabeth Black and Anthony Hunter},
  title     = {An inquiry dialogue system},
  journal   = {Autonomous Agents and Multi-Agent Systems},
  volume    = {19},
  number    = {2},
  year      = {2009},
  pages     = {173--209}
  }

@article{Tolchinsky2012,
  author    = {Pancho Tolchinsky and Sanjay Modgil and Katie Atkinson and Peter McBurney and Ulises Cort{\'e}s},
  title     = {Deliberation dialogues for reasoning about safety critical actions},
  journal   = {Autonomous Agents and Multi-Agent Systems},
  volume    = {25},
  number    = {2},
  year      = {2012},
  pages     = {209--259}
  }

@article{Jones,
  author    = {N.D. Jones},
  title     = {Space-Bounded Reducibility among Combinatorial Problems},
  journal   = {Computer and System Sciences},
  volume    = {11},
  number    = {1},
  year      = {1975},
  pages     = {68--85}
  }


@article{BentaharIEEEIS2007,
  author    = {Jamal Bentahar and Zakaria Maamar and Djamal Benslimane and Philippe Thiran},
  title     = {An Argumentation Framework for Communities of Web Services},
  journal   = {IEEE Intelligent Systems},
  volume    = {22},
  number    = {6},
  year      = {2007},
  pages     = {75--83},

}

@article{Reed06,
  author    = {Chris Reed},
  title     = {Representing dialogic argumentation},
  journal   = {Knowledge-Based System},
  volume    = {19},
  number    = {1},
  year      = {2006},
  pages     = {22--31},

}

@article{BentaharKBS10,
  author    = {Jamal Bentahar and Rafiul Alam and Zakaria Maamar and Nanjangud C. Narendra},
  title     = {Using argumentation to model and deploy agent-based B2B applications},
  journal   = {Knowledge-Based Systems},
  volume    = {23},
  number    = {7},
  year      = {2010},
  pages     = {677--692},

}

@article{BentaharAIR,
  author    = {Jamal Bentahar and Bernard Moulin and Micheline B{\'e}langer},
  title     = {A taxonomy of argumentation models used for knowledge representation},
  journal   = {Artificial Intelligence Review},
  volume    = {33},
  number    = {3},
  year      = {2010},
  pages     = {211--259},

}

@inproceedings{AmgoudS08,
 author    = {Leila Amgoud and Florence Dupin de Saint-Cyr},
 title     = {Measures for persuasion dialogs: A preliminary investigation},
 booktitle = {2nd International Conference on Computational Models of Arguments},
 year      = {2008 },
 pages     = {13--24},
 address   = {Toulouse, France},
 publisher = {IOS Press},
}



@inproceedings{Hunter04,
  author    = {Anthony Hunter},
  title     = {Towards Higher Impact Argumentation},
  booktitle = {Proceedings of the National Conference on Artificial Intelligence (AAAI)},
  year      = {2004},
  pages     = {275--280},
  address   = {San Jose, California},
 publisher  = {AAAI},
}



@ARTICLE{Prakken05,
  AUTHOR    =  {Henry Prakken},
  TITLE     =  {Coherence and Flexibility in Dialogue Games for Argumentation},
  JOURNAL   =  {Journal of Logic and Computation},
  YEAR      =  {2005},
  volume    =  {15},
  number    =  {6},
  pages     =  {1009--1040},
  publisher =  {Oxford University press},
  address   =  {Oxford, England},
}



@BOOK{CoverT91,
  AUTHOR    = {Thomas M. Cover and Joy A. Thomas},
  TITLE     = {Elements of Information Theory},
  PUBLISHER = {John Wiley and Sons, LTD},
  YEAR      = {1991},
  address   = {New York, NY, USA},
  }



@inproceedings{McBurney02,
  author    = {Peter McBurney and Simon Parsons and Michael Wooldridge},
  title     = {Desiderata for agent argumentation protocols},
  booktitle = {Proceedings of the International Conference on Autonomous Agents and Multi-Agent Systems (AAMAS)},
  year      = {2002},
  pages     = {402--409},
  address   = {Bologna, Italy, New York, USA},
 publisher  = {ACM Press},
}




@BOOK{MWooldridge02,
  AUTHOR    =  {Michael Wooldridge},
  TITLE     =  {An Introduction to Multiagent Systems},
  PUBLISHER =  {John Wiley and Sons, LTD},
  YEAR      =  {2002},
  address   =  {Chichester, West Sussex, England},
  }



@BOOK{GWeiss99,
  AUTHOR    =  {Gerhard Weiss},
  TITLE     =  {Multiagent Systems: A Modern Approach to Distributed Artificial Intelligence},
  PUBLISHER =  {The MIT Press},
  YEAR      =  {1999},
}


@inproceedings{Amgoud00,
  author    = {Leila Amgoud and Nicolas Maudet and Simon Parsons},
  title     = {Modelling dialogues using argumentation},
  booktitle = {Proceedings of the International Conference on Autonomous Agents and Multi-Agent Systems (AAMAS)},
  year      = {2000},
  pages     = {31--38},
  address   = {Boston, USA},
}



@ARTICLE{MWParsons03,
  AUTHOR    = {Simon Parsons and Michael Wooldridge and Leila Amgoud},
  TITLE     = {Properties and complexity of some formal inter-agent dialogues},
  JOURNAL   = {Journal of Logic and Computation },
  YEAR      = {2003},
  volume    = {13},
  number    = {3},
  pages     = {347--376},
  publisher = {Oxford University press},
  address   = {Oxford, England},
}




@ARTICLE{KSycara90,
  AUTHOR    = {Katia P. Sycara},
  TITLE     = {Persuasive argumentation in negotiation },
  JOURNAL   = {Theory and Decision},
  YEAR      = {1990},
  volume    = {28},
  number    = {3},
  pages     = {203--242},
  publisher = {Springer},
  address   = {Netherlands},
}


@inproceedings{BlackH07,
  author    = {Elizabeth Black and Anthony Hunter},
  title     = {A generative inquiry dialogue systems},
  booktitle = {Proceedings of the International Conference on Autonomous Agents and Multi-Agent Systems (AAMAS)},
  year      = {2007},
  pages     = {963--970},
  address   = {New York, NY, USA },
 publisher  = {ACM Press},
}


@ARTICLE{Bentahar07,
  AUTHOR    =  {Jamal Bentahar and John-Jules Ch. Meyer},
  TITLE     =  {A New Quantitative Trust Model for Negotiating Agents using Argumentation },
  JOURNAL   =  {International Journal of Computer Science and Applications},
  YEAR      =  {2007},
  volume    =  {4},
  number    =  {2},
  pages     =  {1--21},
 }


@inproceedings{Jenhani07,
  author    = {Ilyes Jenhani and Nahla Ben Amor and Zied Elouedi and Salem Benferhat and Khaled Mellouli},
  title     = {Information Affinity: A New Similarity Measure for Possibilistic Uncertain Information},
  booktitle = {Proceedings of the European Conference on Symbolic and Quantitative Approaches to Reasoning with Uncertainty},
  year      = {2007},
  pages     = {840--852},
  address   = {Hammamet, Tunisia },
 publisher  = {Springer},
}


@inproceedings{Mehdi03,
  author    = {Mehdi Dastani and J{\"u}rgen Dix and Amal El Fallah-Seghrouchni},
  title     = {Programming Multi-Agent Systems},
  booktitle = {Proceedings of the International Workshop on Programming Multi-Agent Systems},
  year      = {2004},
  address   = {Melbourne, Australia },
 publisher  = {Springer},
}


@ARTICLE{Rahwan03,
  AUTHOR    = {Iyad Rahwan and Ramchurn Sarvapali and Nicholas Jennings and Peter Mcburney and Simon Parsons and Liz Sonenberg },
  TITLE     = {Argumentation-based negotiation},
  JOURNAL   = {Knowledge Engineering Review},
  YEAR      = {2003},
  volume    = {18},
  number    = {4},
  pages     = {343--375},
  publisher = {Cambridge University Press},
  address   = {New York, NY, USA},
}




@inproceedings{Mbarki06,
  author    = {Mohamed Mbarki and Jamal Bentahar and Bernard Moulin},
  title     = {Specification and Complexity of Strategic-Based Reasoning Using Argumentation},
  booktitle = {Proceedings of the International Workshop on Argumentation for Multi-Agent Systems (ArgMAS)},
  year      = {2006},
  pages     = {142--160},
  PUBLISHER =  {Springer},
  SERIES    =  {Lecture Notes in Computer Science},
  ADDRESS   =  {Honolulu, Hawaii, USA},

}



@BOOK{Hamblin70,
  AUTHOR    =  {Charles L. Hamblin},
  TITLE     =  {Fallacies},
  PUBLISHER =  {Methuen London, LTD},
  YEAR      =  {1970},
  address   =  {Methuen London, UK},
  }


 @ARTICLE{Nicolas03,
  AUTHOR    =  {Nicolas Maudet},
  TITLE     =  {Negotiating Dialogue Games},
  JOURNAL   =  {Autonomous Agents and Multi-Agent Systems},
  YEAR      =  {2003},
  volume    =  {7},
  number    =  {3},
  pages     =  {229--233},
  publisher =  {Springer Netherlands},
  address   =  {Netherlands},
}


@ARTICLE{Prakken01,
  AUTHOR    =  {Henry Prakken},
  TITLE     =  {Relating protocols for dynamic dispute with logics for defeasible argumentation},
  JOURNAL   =  {Synthese},
  YEAR      =  {2001},
  volume    =  {127},
  number    =  {1-2},
  pages     =  {187--219 },
  publisher =  {Springer Netherlands },

}



@inproceedings{YuanD04,
  author    = {Tangming Yuan and David Moore and Alec Grierson},
  title     = {An Assessment of Dialogue Strategies for a Human Computer Debating System, via Computational Agents},
  booktitle = {Proceedings of ECAI Workshop on Computational Models of Natural Argument},
  year      = {2004},
  pages     = {17--24},
}



@inproceedings{AmgoudV11,
  author    = {Leila Amgoud and
               Srdjan Vesic},
  title     = {A formal analysis of the outcomes of argumentation-based
               negotiations},
  booktitle = {Proceedings of the International Conference on Autonomous Agents and Multi-Agent Systems (AAMAS)},
  year      = {2011},
  pages     = {1237--1238},

}



@INPROCEEDINGS{EliseYP12,
  author    = {Elise Bonzon and Yannis Dimopoulos and Pavlos Moraitis},
  title     = {Knowing Each Other in Argumentation-based Negotiation},
  booktitle = {Proceedings of the International Conference on Autonomous Agents and Multi-Agent Systems (AAMAS)},
  year      = {2012},
  pages     = {1413--1414},
  month     = {June},
}

@inproceedings{AmgoudDM07,
  author    = {Leila Amgoud and Yannis Dimopoulos and Pavlos Moraitis},
  title     = {A unified and general framework for argumentation-based negotiation},
  booktitle = {Proceedings of the International Conference on Autonomous Agents and Multi-Agent Systems (AAMAS)},
  year      = {2007},
  pages     = {158},
 }

@ARTICLE{JenningsPASC01,
  AUTHOR    = {Nicholas R. Jennings and Peyman Faratin and Alescio Lumuscio and Simon Parsons and Carles Sierra and Michael Wooldridge},
  TITLE     = {Automated negotiation: Prospects, methods and challenges},
  JOURNAL   = {International Journal of Group Decision and Negotiation},
  YEAR      = {2001},
  VOLUME    = {10},
  NUMBER    = {2},
  PAGES     = {199--215},

}
@book{JeffreyG94,
  author    = {Jeffrey S. Rosenschein and Gilad Zlotkin},
  title     = {Rules of Encounter - Designing Conventions for Automated Negotiation among Computers},
  publisher = {MIT Press},
  year      = {1994},
  isbn      = {978-0-262-18159-4},
  pages     = {I-XXI, 1--229},

}


@Book{Neumann44,
  author    =  {John Von Neumann and Oskar Morgenstern},
  title     =  {Theory of Games and Economic Behavior},
  year      =  {1944},
  isbn      =  {0691119937},
  publisher =  {Princeton University Press},
}

@article{FatimaWJ04,
  author    = {Shaheen Fatima and Michael Wooldridge and Nicholas R. Jennings},
  title     = {An agenda-based framework for multi-issue negotiation},
  journal   = {Artificial Intelligence},
  volume    = {152},
  number    = {1},
  year      = {2004},
  pages     = {1--45},

}

@inproceedings{AmgoudPM00,
  author    = {Leila Amgoud and Simon Parsons and Nicolas Maudet},
  title     = {Arguments, Dialogue, and Negotiation},
  booktitle = {Proceedings of the European Conference on Artificial Intellegence (ECAI)},
  year      = {2000},
  pages     = {338--342},
 }

@inproceedings{MareyBE09,
  author    = {Omar Marey and Jamal Bentahar and Abdeslam En-Nouaary},
  title     = {On the Measurement of Negotiation Dialogue Games},
  booktitle = {Proceedings of the International Conference on Intelligent Software Methodologies, Tools and Techniques (SoMeT)},
  year      = {2009},
  pages     = {223--244},
}

@inproceedings{RahwanSD03,
  author    = {Iyad Rahwan and Liz Sonenberg and Frank Dignum},
  title     = {Towards interest-based negotiation},
  booktitle = {Proceedings of the International Workshop on Programming Multi-Agent Systems},
  year      = {2003},
  pages     = {773--780},

}


@article{AmgoudFS11,
  author    = {Liela Amgoud and Florence Dupin de Saint-Cyr },
  title     = {On the quality of persuation dialogs},
  journal   = {Studies in Logic, Grammer and Rheroric},
  volume    = {12},
  number    = {36},
  year      = {2011},
  pages     = {69--98},
}


@inproceedings{AmgoudP04,
  author    = {Leila Amgoud and Henri Prade},
  title     = {Reaching Agreement Through Argumentation: A Possibilistic Approach},
  booktitle = {Proceedings of the International Conference on Principles of Knowledge Representation and Reasoning(KR)},
  year      = {2004},
  pages     = {175--182},

}

@inproceedings{KakasM06,
  author    = {Antonis C. Kakas and Pavlos Moraitis},
  title     = {Adaptive agent negotiation via argumentation},
  booktitle = {Proceedings of the International Conference on Autonomous Agents and Multi-Agent Systems (AAMAS)},
  year      = {2006},
  pages     = {384--391},

}



@article{KrausSE98,
  author    = {Sarit Kraus and Katia Sycara and Amir Evenchik},
  title     = {Reaching agreement through argumentation: a logical model and implementation},
  journal   = {Journal of Artificial Intellegence},
  volume    = {104},
  number    = {1-2},
  year      = {1998},
  pages     = {1--69},
}

@inproceedings{ParsonsJ96,
    author    = {Simon Parsons and Nicholas R. Jennings},
    title     = {Negotiation Through Argumentation: a Preliminary Report},
    booktitle = {Proceedings of the 2nd International conference on Multi Agent Systems},
    year      = {1996},
    pages     = {267--274},
}

@inproceedings{Tohme97,
    author    = {Fernando Tohm\'{e}},
    title     = {Negotiation and defeasible reasons for choice},
    booktitle = {Proceedings of the Stanford Spring Symposium on Qualitative Preferences in Delibration and Practical Reasoning},
    year      = {1997},
    pages     = {95--102},
}

@inproceedings{AmgoudSH05,
  author    = {Leila Amgoud and Sihem Belabbes and Henri Prade},
  title     = {Towards a formal framework for the search of a consensus
               between autonomous agents},
  booktitle = {Proceedings of the International Conference on Autonomous Agents and Multi-Agent Systems (AAMAS)},
  year      = {2005},
  pages     = {537--543},

}

@inproceedings{HadidiDM10,
  author    = {Nabila Hadidi and Yannis Dimopoulos and Pavlos Moraitis},
  title     = {Argumentative alternating offers},
  booktitle = {Proceedings of the International Conference on Autonomous Agents and Multi-Agent Systems (AAMAS)},
  year      = {2010},
  pages     = {441--448},

}

@inproceedings{RahwanPSD07,
  author    = {Iyad Rahwan and Philippe Pasquier and Liz Sonenberg and
               Frank Dignum},
  title     = {On the Benefits of Exploiting Underlying Goals in Argument-based Negotiation},
  booktitle = {Proceedings of the National Conference on Artificial Intelligence (AAAI)},
  year      = {2007},
  pages     = {116--121},

}

@inproceedings{MbarkiBM11,
  author    = {Mohamed Mbarki and Jamal Bentahar and Bernard Moulin},
  title     = {On the Argumentative Agent Types and Negotiation},
  booktitle = {Proceedings of the International Conference on Intelligent Software Methodologies, Tools and Techniques (SoMeT)},
  year      = {2011},
  pages     = {169--182},

}


@article{RossJA13,
  author    = {T.J.Ross and J.M. Booker and A.C. Montoya},
  title     = {New developments in uncertainty assessment and uncertainty management},
  journal   = {Expert Systems with Applications},
  volume    = {40},
  number    = {3},
  year      = {2013},
  pages     = {964--974},
}

@article{ChennHC09,
  author    = {Chenn-Jung Huang and Hong-Xin chen and Vhun-Hua Chen},
  title     = {Developing argumentation processing agents for computer-supported collaborative learning},
  journal   = {Expert Systems with Applications},
  volume    = {36},
  number    = {2},
  year      = {2009},
  pages     = {2615--2624},
}

@article{ShiuLiC10,
  author    = {Shiu-Li Huang and Chia-Yin Lin},
  title     = {The search for potentially interesting products in an e-marketplace: An agent-to-agent argumentation approach},
  journal   = {Expert Systems with Applications},
  volume    = {37},
  number    = {6},
  year      = {2010},
  pages     = {4468--4478},
}

@article{HarryWCH12,
  author    = {Harry K.H. Chow and Winsonn Siu and Chi-Kong Chan and Henry C.B. Chan},
  title     = {An argumentation-oriented multi-agent system for automating the freight planning process},
  journal   = {Expert Systems with Applications},
  volume    = {40},
  number    = {10},
  year      = {2013},
 }


@article{SergioCG13,
  author    = {Sergio Alejandro G{\'o}mez and Carlos Iv{\'a}n Ches{\~n}evar and Guillermo Ricardo Simari},
  title     = {ONTOarg: A decision support framework for ontology integration based on argumentation },
  journal   = {Expert Systems with Applications},
  volume    = {40},
  number    = {5},
  year      = {2013},
  pages     = {1858--1870},
}

@ARTICLE{Dung95,
    author    = {Phan Minh Dung},
    title     = {On the acceptability of arguments and its fundamental role in nonmonotonic reasoning, logic programming and n-person games},
    journal   = {Artificial Intelligence},
    year      = {1995},
    volume    = {77},
    pages     = {321--357},
    PUBLISHER =  {Elsevier Science Publishers Ltd.},
    ADDRESS   =  {Essex, UK},
}



@article{GarciaCRS13,
  author    = {Alejandro Javier Garc\'{\i}a and Carlos Iv{\'a}n Ches{\~n}evar and Nicol{\'a}s D. Rotstein and
               Guillermo Ricardo Simari},
  title     = {Formalizing dialectical explanation support for argument-based reasoning in knowledge-based systems},
  journal   = {Expert Systems with Applications},
  volume    = {40},
  number    =  {8},
  year      = {2013},
  pages     = {3233--3247},

}


% =============================================================================================
%  Maste thesis References (Omar)

@BOOK{Pfleeger98,
  AUTHOR    =  {Norman E. Fenton  and Shari Lawrence Pfleeger},
  TITLE     =  {Software Metrics: A Rigorous and Practical Approach (2nd Edition)},
  PUBLISHER =  {PWS Publishing Co.},
  YEAR      =  {1998},
  TYPE      =  {6},
  ADDRESS   =  {Boston, MA, USA},
  }



@BOOK{Goodman04,
  AUTHOR    =  {Paul Goodman},
  TITLE     =  {Software metrics: best practices for successful IT management},
  PUBLISHER =  {Rothstein Associates Inc},
  YEAR      =  {2004},
}



@BOOK{Whitmine97,
  AUTHOR    =  { Scott A. Whitmire},
  TITLE     =  {Object Oriented Design Measurement, 1st edition},
  PUBLISHER =  {John Wiley and Sons Inc},
  YEAR      =  {1997},
  ADDRESS  =  {New York, NY, USA },
  }



@BOOK{ParkGF96,
  AUTHOR    =  {Robert E. Park and  Wolfhart B. Goethert and  William A. Florac},
  TITLE     =  {Goal-Driven Software Measurement: A Guidebook},
  PUBLISHER =  {Carnegie Mellon University},
  YEAR      =  {1996},
  ADDRESS   =  {Pittsburgh, PA 15213},
  }


@BOOK{McGraw06,
  AUTHOR    =  {Gary McGraw},
  TITLE     =  {Software security: building security in},
  PUBLISHER =  {pub-AW},
  YEAR      =  {2006},
  ADDRESS   =  {Reading, MA, USA},
  }


@inproceedings{Vaughn03,
  AUTHOR    = {Rayford B. Vaughn and Ronda Henning and Ambareen Siraj},
  TITLE     = {Information Assurance Measures and Metrics " State of Practice and Proposed Taxonomy},
  BOOKTITLE = {HICSS '03: Proceedings of the 36th Annual Hawaii International Conference on System Sciences (HICSS'03) - Track 9},
  YEAR      = {2003},
  PAGES     = {331.3},
  PUBLISHER = {IEEE Computer Society},
  ADDRESS   = {Washington, DC, USA},
}


@BOOK{Henderson95,
  AUTHOR    =  {Brian Henderson-Sellers},
  TITLE     =  {Object-Oriented Metrics: Measures of Complexity},
  PUBLISHER =  {Prentice-Hall, Inc.},
  YEAR      =  {1995},
  ADDRESS   =  {Upper Saddle River, NJ, USA},
  }

@BOOK{smith00,
  AUTHOR    = {Adam Smith},
  TITLE     = {The Theory of Moral Sentiments (Great Books in Philosophy)},
  PUBLISHER = {{Prometheus Books}},
  YEAR      = {2000},
  MONTH     = {May},
  ISBN      = {1573928003}
}



@inproceedings{Albrecht79,
  AUTHOR    = {Allan  J. Albrecht},
  TITLE     = {Measuring Application Development Productivity},
  BOOKTITLE = {IBM Application Development Symposium},
  YEAR      = {1979},
  PAGES     = {83--92},
  PUBLISHER = {Proc. of IBM Application Development Symp.},
}



@MISC{Andersson90,
  AUTHOR   = {Thorbjörn Andersson},
  TITLE    = {A Survey on Software Quality Metrics},
  YEAR     = {1990},
  NOTE     = {(accessed May 2009)},
}


@ARTICLE{Curtis80,
  AUTHOR    =  {Bill Curtis},
  TITLE     =  {Measurement and Experimentation in Software Engineering},
  JOURNAL   =  {},
  YEAR      =  {1980},
  VOLUME    =  {68},
  NUMBER    =  {9},
  PAGES     =  {1144-1157 },
  PUBLISHER =  {IEEE},
}


@BOOK{DeMarco86,
  AUTHOR    =  {Tom De Marco},
  TITLE     =  {Controlling Software Projects: Management, Measurement, and Estimates},
  PUBLISHER =  {Prentice Hall PTR},
  YEAR      =  {1986},
  ADDRESS   =  {Upper Saddle River, NJ, USA},
  }


@inproceedings{Dumke98,
  AUTHOR    = { Reiner R. Dumke and Erik Foltin},
  TITLE     = {Metrics-Based Evaluation of Object-Oriented Software Development Methods},
  BOOKTITLE = {In Proceedings of the 2nd Euromicro Conference on Software Maintenance and Reengineering (CSMR’98)},
  YEAR      = {1198},
  PAGES     = {193--196},
  PUBLISHER = {IEEE Computer Society},
}

@BOOK{Grady87,
  AUTHOR    =  {Robert B. Grady and Deborah L. Caswell},
  TITLE     =  {Software Metrics: Establishing a Company-wide Program},
  PUBLISHER =  {Prentice-Hall, Inc.},
  YEAR      =  {1987},
  ADDRESS   =  {Upper Saddle River, NJ, USA},
  }

@ARTICLE{Halstead72,
  AUTHOR    =  {Maurice H. Halstead},
  TITLE     =  {Natural Laws Controlling Algorithm Structure},
  JOURNAL   =  {SIGPLAN Not.},
  YEAR      =  {1972},
  VOLUME    =  {7},
  NUMBER    =  {2},
  PAGES     =  {19--26 },
  PUBLISHER =  {ACM },
  ADDRESS   =  {New York, NY, USA},
}

@BOOK{Halstead77,
  AUTHOR    =  {Maurice Halstead},
  TITLE     =  {Elements of Software Science},
  PUBLISHER =  {Elsevier North-Holland},
  YEAR      =  {1977},
  ADDRESS   =  {New York, NY, USA},
  }

@inproceedings{IEEE90,
  AUTHOR    = {IEEE Std. 1990},
  TITLE     = {Standard Glossary of Software Engineering Terminology},
  BOOKTITLE = {the Institute of Electrical and Electronics Engineers},
  YEAR      = {1990},
  PAGES     = {83},
 PUBLISHER  = {IEEE Std. 610.12},
}

@BOOK{Ince93,
  AUTHOR    =  {Darrel C. Ince and Mark Woodman and Helen Sharp },
  TITLE     =  {Introduction to Software Project Management and Quality Assurance},
  PUBLISHER =  {McGraw-Hill, Inc.},
  YEAR      =  {1993},
  ADDRESS   =  {New York, NY, USA},
  }

@inproceedings{ISO99a,
  AUTHOR    = {ISO 1999a.},
  TITLE     = {Information technology - Software product evaluation - Part 1: General overview.},
  BOOKTITLE = {International Organization for Standardization},
  YEAR      = {1999},
  PAGES     = {19},
  PUBLISHER = {ISO/IEC 14598-1},
  ADDRESS   = {Geneva (Switzerland)},
}


@inproceedings{ISO99b,
  AUTHOR    = {ISO 1999b.},
  TITLE     = {Software engineering - Product evaluation - Part 4: Process for acquirers},
  BOOKTITLE = {International Organization for Standardization},
  YEAR      = {1999},
  PAGES     = {34},
  PUBLISHER = {ISO/IEC 14598-4},
  ADDRESS   = {Geneva (Switzerland)},
}

@inproceedings{ISO02,
  AUTHOR    = {ISO 2002},
  TITLE     = {Software Engineering - Software Measurement Process},
  BOOKTITLE = {International Organization for Standardization},
  YEAR      = {2002},
  PAGES     = {37},
  PUBLISHER = {ISO/IEC 15939},
  ADDRESS   = {Geneva (Switzerland)},
}

@inproceedings{Kafura85,
  AUTHOR    = {Dennis Kafura and James Canning },
  TITLE     = {A Validation of Software Metrics Using Many Metrics and two Resources},
  BOOKTITLE = {In Proceedings of the 8th International Conference on Software Engineering. (London (England), UK},
  YEAR      = {1985},
  PAGES     = {378--385},
 PUBLISHER  = {Los Alamitos (CA), USA: IEEE Computer Society Press},
}

@ARTICLE{McCabe76,
  AUTHOR    =  {Thomas J. McCabe},
  TITLE     =  {A Complexity Measure},
  JOURNAL   =  {IEEE Transaction on Software Engineering},
  YEAR      =  {1976},
  VOLUME    =  {2},
  NUMBER    =  {4},
  PAGES     =  {308--320},
  PUBLISHER =  {IEEE },
}

@MISC{Petrasch99,
  AUTHOR   = {Roland Petrasch},
  TITLE    = {The Definition of 'Software Quality': A Practical Approach.
               In Proceedings of the 10th International Symposium on Software Reliability Engineering - ISSRE'1999},
  YEAR     = {1999},
  NOTE     = {Accessed on May 2009},
  URL      = {<http://www.chillarege.com/fastabstracts/issre99/99124.pdf>}
}



@BOOK{Pressman04,
  AUTHOR    =  {Roger S. Pressman},
  TITLE     =  {Software engineering: a practitioner's approach (6th Edition)},
  PUBLISHER =  {McGraw-Hill, Inc.},
  YEAR      =  {2004},
  ADDRESS   =  {New York, NY, USA},
  }



@BOOK{Roberts79,
  AUTHOR    =  {Fred S. Roberts },
  TITLE     =  {Measurement theory, with applications to Decision Making, Utility and the Social Sciences},
  PUBLISHER =  {Addison-Wesley, Boston},
  YEAR      =  {1979},
  ADDRESS   =  {Boston (MA), USA},
  }



@BOOK{Sharp93,
  AUTHOR    =  {Alex Sharp},
  TITLE     =  {Software Quality and Productivity},
  PUBLISHER =  {Nost Rand Reinhold},
  YEAR      =  {1993},
  ADDRESS   =  {New York (NY), USA},
  }

@inproceedings{Yin78,
  AUTHOR    = {B.H.Yin and J. W.Winchester},
  TITLE     = {The Establishment and Use of Measures to Evaluate the Quality of Software Design},
  BOOKTITLE = {In Proceedings of the Software Quality Assurance Workshop on Functional and Performance Issues (San-Diego (CA), USA)},
  YEAR      = {1978},
  PAGES     = {45--52},
 PUBLISHER  = {New York (NY), USA: ACM Press},
}

@BOOK{smith76,
  AUTHOR     = {Adam Smith},
  TITLE     = {An inquiry into the nature and causes of the wealth of nations},
  PUBLISHER = {McMaster University Archive for the History of Economic Thought},
  YEAR      = {1976},
  ADDRESS   = {Oxford, UK}
}

%==================================================================================================


@BOOK{Stephan02,
  AUTHOR    =  {Stephen H. Kan},
  TITLE     =  {Metrics and Models in Software Quality Engineering (2nd Edition)},
  PUBLISHER =  {Addison-Wesley Professional},
  YEAR      =  {2002},
 }


@BOOK{Fenton91,
  AUTHOR    =  {Norman E Fenton },
  TITLE     =  {Software Metrics: A Rigorous Approach},
  PUBLISHER =  {Chapman \& Hall, Ltd.},
  YEAR      =  {1991},
  ADDRESS   =  {London, UK, UK},
  }

@MISC{math,
  AUTHOR   = {Math.com the world of math online},
  TITLE    = {Ratio and Proportion},
  YEAR     = {2000-2005 },
  NOTE     = {Accessed on May 2009},
  URL     = {http://www.math.com/school/subject1/lessons/S1U2L1GL.html}
}

@BOOK{Walton95,
  AUTHOR    =  {Douglas N. Walton and Erik C. W. Krabbe},
  TITLE     =  {Commitment in dialogue: basic concepts of interpersonal reasoning},
  PUBLISHER =  {SUNY Press},
  YEAR      =  {1995},
  ADDRESS   =  {Albany, NY State University},
  }
@ARTICLE{Maudet02,
  AUTHOR    =  {Nicolas Maudet and Brahim Chaib-Draa},
  TITLE     =  {Commitment-based and dialogue-game-based protocols: new trends in agent communication languages},
  JOURNAL   =  {Knowl. Eng. Rev.},
  YEAR      =  {2002},
  VOLUME    =  {17},
  NUMBER    =  {2},
  PAGES     =  {157--179},
  PUBLISHER =  {Cambridge University Press},
  ADDRESS   =  {New York, NY, USA},
}


@inproceedings{Yannis08,
  AUTHOR    = {Yannis Dimopoulos and Pavlos Moraitis and Leila Amgoud },
  TITLE     = {Theoretical and Computational Properties of Preference-based Argumentation.},
  BOOKTITLE = {ECAI},
  YEAR      = {2008},
  VOLUME    =  {178},
  PAGES     = {463-467},
 PUBLISHER  = {IOS Press},
}



@ARTICLE{Amgoud02,
  AUTHOR    =  {Leila Amgoud and Claudette Cayrol},
  TITLE     =  {Inferring from Inconsistency in Preference-Based Argumentation Frameworks},
  JOURNAL   =  {Journal of Automated Reasoning},
  YEAR      =  {2002},
  VOLUME    =  {29},
  NUMBER    =  {2},
  PAGES     =  {125-169},
  PUBLISHER =  {Kluwer Academic Publishers},
  ADDRESS   =  {Hingham, MA, USA},
}


@inproceedings{AmgoudMaudet02,
  AUTHOR    = {Leila Amgoud and Nicolas Maudet },
  TITLE     = {Strategical considerations for argumentative agents (preliminary report)},
  BOOKTITLE = {Proceedings of the 9th International Workshop on Non-Monotonic Reasoning (NMR)},
  YEAR      = {2002},
  PAGES     = {409--417},
  ADDRESS   = {Toulouse},
  MONTH     = {April},
  NOTE      = {Special session on Argument, Dialogue, Decision},
}

@ARTICLE{Besnard01,
  AUTHOR    =  {Philippe Besnard and Anthony Hunter},
  TITLE     =  {A logic-based theory of deductive arguments},
  JOURNAL   =  {Artificial Intelligence},
  YEAR      =  {2001},
  VOLUME    =  {128},
  NUMBER    =  {1--2},
  PAGES     =  {203--235},
  PUBLISHER =  {Elsevier Science Publishers Ltd.},
  ADDRESS   =  {Essex, UK},
}

@ARTICLE{Falcone99,
  AUTHOR    = {Rino Falcone and Babak Sadighi Firozabadi},
  TITLE     = {The challenge of trust, The Autonomous Agents '98 Workshop on Deception, Fraud and Trust in Agent Societies},
  JOURNAL   = {The Knowledge Engineering Review},
  YEAR      = {1999},
  VOLUME    = {14},
  NUMBER    = {1},
  PAGES     = {81--89},
  PUBLISHER = {Cambridge University Press},
  ADDRESS   =  {New York, NY, USA},
}

@ARTICLE{Kone00,
  AUTHOR    =  {Mamadou Tadiou Kone and Akira Shimazu and Tatsuo Nakajima},
  TITLE     =  {The State of the Art in Agent Communication Languages},
  JOURNAL   =  {Knowledge and Information Systems},
  YEAR      =  {2000},
  VOLUME    =  {2},
  PAGES     =  {259-284},
  PUBLISHER =  {Springer-Verlag London Ltd.},
  ADDRESS   =  {London, UK},
}


@inproceedings{Finin95,
  AUTHOR    = {Tim Finin and Yannis Labrou and James Mayfield},
  TITLE     = {KQML as an agent communication language},
  BOOKTITLE = {Software Agent},
  YEAR      = {1995},
  PAGES     = {291--315},
  PUBLISHER = {AAAI Press / The MIT Press},
  }


@MISC{Fipa01,
  AUTHOR   = {FIPA},
  TITLE    = {FIPA-ACL, Communicative Act Library Specification},
  YEAR     = {2001},
  NOTE     = {acl, fipa, manual},
  URL      = {http://www.fipa.org/specs/fipa00037/}
}


@BOOK{Shafer76,
  AUTHOR    = {Glenn Shafer},
  TITLE     = {A Mathematical Theory of Evidence},
  PUBLISHER = {Princeton University Press},
  YEAR      = {1976},
  address   = {Princeton, New Jersey, USA},
  }


@article{Dubois2001,
  author    = {Didier Dubois and Henri Prade},
  title     = {Possibility Theory, Probability Theory and Multiple-valued Logics: A Clarification},
  journal   = {Annals of Mathematics and Artificial Intelligence},
  volume    = {32},
  number    = {1-4},
  year      = {2001},
  pages     = {35--66}
  }

@misc{Harmanec1999,
  author    = {Dadiv Harmanec},
  title     = {Measures of uncertainty and information},
  howpublished = {\url{http://www.sipta.org/documentation/summary_measures/ippinfom.pdf}},
  year      = {1999}
  }

%==============================================================================================
% Empty styles

@ARTICLE{,
  AUTHOR    =  {},
  TITLE     =  {},
  JOURNAL   =  {},
  YEAR      =  {},
  VOLUME    =  {},
  NUMBER    =  {},
  PAGES     =  {},
  PUBLISHER =  {},
  ADDRESS   =  {},
}

@inproceedings{,
  AUTHOR    = {},
  TITLE     = {},
  BOOKTITLE = {},
  YEAR      = {},
  PAGES     = {},
  PUBLISHER = {},
}

@BOOK{,
  AUTHOR    = {},
  TITLE     = {},
  PUBLISHER = {},
  YEAR      = {},
  ADDRESS   = {},
  }

@MISC{,
  AUTHOR   = {},
  TITLE    = {},
  YEAR     = {},
  NOTE     = {},
  URL      = {}
}
