@article{DBLP:journals/ijebr/MaamarSTBB09,
  author    = {Zakaria Maamar and
               Sattanathan Subramanian and
               Philippe Thiran and
               Djamal Benslimane and
               Jamal Bentahar},
  title     = {An Approach to Engineer Communities of Web Services: Concepts,
               Architecture, Operation, and Deployment},
  journal   = {IJEBR},
  volume    = {5},
  number    = {4},
  year      = {2009},
  pages     = {1-21},
  ee        = {http://dx.doi.org/10.4018/jebr.2009040601},
  bibsource = {DBLP, http://dblp.uni-trier.de}
}

@article{shapley_value,
  author    = {Lloyd S. Shapley},
  title     = {A Value for n-person Games},
  journal   = {In Contributions to the
Theory of Games (Annals of Mathematical Studies)},
  volume    = {2},  
  year      = {1953},
  pages     = {307-317}
}

@book{myerson1991game,
  title={Game theory: analysis of conflict},
  author={Myerson, R.B.},
  isbn={9780674341159},
  lccn={lc90042901},
  year={1991},
  publisher={Harvard University Press}
}

@article{S1971cores,
    author = {Shapley, L. S.},
    journal = {International Journal of Game Theory},
    pages = {11-26},
    priority = {2},
    title = {Cores of convex games},
    volume = {1},
    year = {1971}
}

@inproceedings{DBLP:conf/IEEEscc/KhosravifarABT11,
  author    = {Babak Khosravifar and
               Mahsa Alishahi and
               Jamal Bentahar and
               Philippe Thiran},
  title     = {A Game Theoretic Approach for Analyzing the Efficiency of
               Web Services in Collaborative Networks},
  booktitle = {IEEE SCC},
  year      = {2011},
  pages     = {168-175},
  ee        = {http://doi.ieeecomputersociety.org/10.1109/SCC.2011.76},
  crossref  = {DBLP:conf/IEEEscc/2011},
  bibsource = {DBLP, http://dblp.uni-trier.de}
}

@inproceedings{DBLP:conf/IEEEscc/LimTMB12,
  author    = {Erbin Lim and
               Philippe Thiran and
               Zakaria Maamar and
               Jamal Bentahar},
  title     = {On the Analysis of Satisfaction for Web Services Selection},
  booktitle = {IEEE SCC},
  year      = {2012},
  pages     = {122-129},
  ee        = {http://dx.doi.org/10.1109/SCC.2012.66},
  crossref  = {DBLP:conf/IEEEscc/2012},
  bibsource = {DBLP, http://dblp.uni-trier.de}
}