
@article{Algorithmic,
  author    = {Xiaotie Deng and Qizhi Fang},
  title     = {Algorithmic Cooperative Game Theory},
  journal   = {Pareto Optimality, Game Theory And Equilibria.
               Springer Optimization and Its Applications},
  volume    = {17},
  year      = {2008},
  pages     = {159-185}
}

@inproceedings{SCC2011-1,
  author    = {Karim Benouaret and Djamal Benslimane and Allel Hadjali and Mahmoud Barhamgi},
  title     = {Top-k Web Service Compositions Using Fuzzy Dominance Relationship},
  booktitle = {IEEE SCC},
  year      = {2011},
  pages     = {144-151}
}


@inproceedings{ICWS2011-1,
  author    = {Pablo Rodriguez-Mier},
  title     = {Automatic Web Service Composition with a Heuristic-Based Search Algorithm},
  booktitle = {IEEE ICWS},
  year      = {2011},
  pages     = {81-88}
}

@article{DBLP:journals/ijebr/MaamarSTBB09,
  author    = {Zakaria Maamar and
               Sattanathan Subramanian and
               Philippe Thiran and
               Djamal Benslimane and
               Jamal Bentahar},
  title     = {An Approach to Engineer Communities of Web Services: Concepts,
               Architecture, Operation, and Deployment},
  journal   = {IJEBR},
  volume    = {5},
  number    = {4},
  year      = {2009},
  pages     = {1-21},
  bibsource = {DBLP, http://dblp.uni-trier.de}
}

@article{shapley_value,
  author    = {Lloyd S. Shapley},
  title     = {A Value for n-person Games},
  journal   = {In Contributions to the
Theory of Games (Annals of Mathematical Studies)},
  volume    = {2},
  year      = {1953},
  pages     = {307-317}
}

@book{myerson1991game,
  title={Game theory: analysis of conflict},
  author={Myerson, R.B.},
  isbn={9780674341159},
  lccn={lc90042901},
  year={1991},
  publisher={Harvard University Press}
}

@inproceedings{DBLP:conf/IEEEscc/KhosravifarABT11,
  author    = {Babak Khosravifar and
               Mahsa Alishahi and
               Jamal Bentahar and
               Philippe Thiran},
  title     = {A Game Theoretic Approach for Analyzing the Efficiency of
               Web Services in Collaborative Networks},
  booktitle = {IEEE SCC},
  year      = {2011},
  pages     = {168-175},
  crossref  = {DBLP:conf/IEEEscc/2011},
  bibsource = {DBLP, http://dblp.uni-trier.de}
}

@inproceedings{DBLP:conf/IEEEscc/LimTMB12,
  author    = {Erbin Lim and
               Philippe Thiran and
               Zakaria Maamar and
               Jamal Bentahar},
  title     = {On the Analysis of Satisfaction for Web Services Selection},
  booktitle = {IEEE SCC},
  year      = {2012},
  pages     = {122-129},
  crossref  = {DBLP:conf/IEEEscc/2012},
  bibsource = {DBLP, http://dblp.uni-trier.de}
}

@inproceedings{DBLP:conf/ijcai/GrecoMPS11,
  author    = {Gianluigi Greco and
               Enrico Malizia and
               Luigi Palopoli and
               Francesco Scarcello},
  title     = {On the Complexity of the Core over Coalition Structures},
  booktitle = {IJCAI},
  year      = {2011},
  pages     = {216-221},
  crossref  = {DBLP:conf/ijcai/2011},
  bibsource = {DBLP, http://dblp.uni-trier.de}
}

@inproceedings{DBLP:conf/ijcai/RahwanMJ11,
  author    = {Talal Rahwan and
               Tomasz P. Michalak and
               Nicholas R. Jennings},
  title     = {Minimum Search to Establish Worst-Case Guarantees in Coalition
               Structure Generation},
  booktitle = {IJCAI},
  year      = {2011},
  pages     = {338-343},
  crossref  = {DBLP:conf/ijcai/2011},
  bibsource = {DBLP, http://dblp.uni-trier.de}
}

@TECHREPORT{RePEc:wpa:wuwpga:0110001,
  title = {The Coalition Structure Core is Accessible},
  author = {Kóczy, László Á. and Lauwers, Luc},
  year = {2002},
  institution = {EconWPA},
  type = {Game Theory and Information}
}

@article{S1971cores,
    author = {Shapley, L. S.},
    journal = {International Journal of Game Theory},
    pages = {11-26},
    priority = {2},
    title = {Cores of convex games},
    volume = {1},
    year = {1971}
}

@inproceedings{DBLP:conf/aaai/RahwanMEFSWJ11,
  author    = {Talal Rahwan and
               Tomasz P. Michalak and
               Edith Elkind and
               Piotr Faliszewski and
               Jacek Sroka and
               Michael Wooldridge and
               Nicholas R. Jennings},
  title     = {Constrained Coalition Formation},
  booktitle = {AAAI},
  year      = {2011},
  crossref  = {DBLP:conf/aaai/2011},
  bibsource = {DBLP, http://dblp.uni-trier.de}
}

@article{eps267179,
          volume = {34},
           month = {April},
           title = {An Anytime Algorithm for Optimal Coalition Structure Generation},
          author = {Talal Rahwan and Sarvapali Ramchurn and Nicholas Jennings and Andrea Giovannucci},
            year = {2009},
           pages = {521--567},
         journal = {Journal of Artificial Intelligence Research (JAIR)}
}

@inproceedings{DBLP:conf/smc/Al-MasriM09a,
  author    = {Eyhab Al-Masri and
               Qusay H. Mahmoud},
  title     = {Discovering the Best Web Service: A Neural Network-based
               Solution},
  booktitle = {SMC},
  year      = {2009},
  pages     = {4250-4255},
  crossref  = {DBLP:conf/smc/2009},
  bibsource = {DBLP, http://dblp.uni-trier.de}
}

@article{DBLP:journals/igtr/AptW09,
  author    = {Krzysztof R. Apt and
               Andreas Witzel},
  title     = {A Generic Approach to Coalition Formation},
  journal   = {IGTR},
  volume    = {11},
  number    = {3},
  year      = {2009},
  pages     = {347-367},
  bibsource = {DBLP, http://dblp.uni-trier.de}
}

@ARTICLE{Dieckmann02dynamiccoalition,
    author = {Tone Dieckmann and Ulrich Schwalbe},
    title = {Dynamic coalition formation and the core},
    journal = {Journal of Economic Behavior and Organization},
    year = {2002}
}

@book{ray2007game,
  title={A Game-Theoretic Perspective on Coalition Formation},
  author={Ray, D.},
  isbn={9780191607240},
  year={2007},
  publisher={OUP Oxford}
}

@article{DBLP:journals/corr/abs-cs-0605132,
  author    = {Krzysztof R. Apt and
               Tadeusz Radzik},
  title     = {Stable partitions in coalitional games},
  journal   = {CoRR},
  volume    = {abs/cs/0605132},
  year      = {2006},
  ee        = {http://arxiv.org/abs/cs/0605132},
  bibsource = {DBLP, http://dblp.uni-trier.de}
}

@article{DBLP:journals/internet/BenatallahSD03,
  author    = {Boualem Benatallah and
               Quan Z. Sheng and
               Marlon Dumas},
  title     = {The Self-Serv Environment for Web Services Composition},
  journal   = {IEEE Internet Computing},
  volume    = {7},
  number    = {1},
  year      = {2003},
  pages     = {40-48},
  ee        = {http://doi.ieeecomputersociety.org/10.1109/MIC.2003.1167338},
  bibsource = {DBLP, http://dblp.uni-trier.de}
}

@article{Sandholm1999209,
title = "Coalition structure generation with worst case guarantees",
journal = "Artificial Intelligence",
volume = "111",
number = "1â€“2",
pages = "209 - 238",
year = "1999",
note = "",
issn = "0004-3702",
doi = "10.1016/S0004-3702(99)00036-3",
author = "Tuomas Sandholm and Kate Larson and Martin Andersson and Onn Shehory and Fernando TohmÃ©",
keywords = "Coalition formation",
keywords = "Anytime algorithm",
keywords = "Multiagent systems",
keywords = "Game theory",
keywords = "Negotiation",
keywords = "Distributed AI",
keywords = "Resource-bounded reasoning"
}







@inproceedings{Chun02user-centricperformance,
    author = {Brent N. Chun and David E. Culler},
    title = {User-centric Performance Analysis of Market-based Cluster Batch Schedulers},
    booktitle = {The 2nd IEEE/ACM International Symposium on Cluster Computing and the Grid},
    year = {2002},
    pages={30}
}
@article{mcknight00a,
    author = {Mcknight, Lee W. and Boroumand, Jahangir},
    citeulike-article-id = {1585905},
    citeulike-linkout-0 = {http://jmvidal.cse.sc.edu/library/mcknight00a.pdf},
    journal = {{IEEE} Computer},
    keywords = {bibtex-import},
    pages = {128--129},
    posted-at = {2007-08-23 14:42:27},
    priority = {2},
    title = {{Pricing Internet Services: Approaches and Challenges}},
    year = {2000}
}
@article{DBLP:journals/internet/BenatallahSD03,
  author    = {Boualem Benatallah and
               Quan Z. Sheng and
               Marlon Dumas},
  title     = {The Self-Serv Environment for Web Services Composition},
  journal   = {IEEE Internet Computing},
  volume    = {7},
  number    = {1},
  year      = {2003},
  pages     = {40-48},
  bibsource = {DBLP, http://dblp.uni-trier.de}
}

@inproceedings{Khosravifar:2009:AIR:1586636.1586906,
 author = {Khosravifar, Babak and Bentahar, Jamal and Thiran, Philippe and Moazin, Ahmad and Guiot, Adrien},
 title = {An Approach to Incentive-Based Reputation for Communities of Web Services},
 booktitle = {Proceedings of the 2009 IEEE International Conference on Web Services},
 series = {ICWS '09},
 year = {2009},
 isbn = {978-0-7695-3709-2},
 pages = {303--310},
 numpages = {8},
 doi = {10.1109/ICWS.2009.101},
 acmid = {1586906},
 publisher = {IEEE Computer Society},
 address = {Washington, DC, USA},
 keywords = {Web Service, Community, Reputation},
}
@article{Rosario:2008:PQS:1512146.1512290,
 author = {Rosario, Sidney and Benveniste, Albert and Haar, Stefan and Jard, Claude},
 title = {Probabilistic QoS and Soft Contracts for Transaction-Based Web Services Orchestrations},
 journal = {IEEE Trans. Serv. Comput.},
 issue_date = {October 2008},
 volume = {1},
 number = {4},
 month = oct,
 year = {2008},
 issn = {1939-1374},
 pages = {187--200},
 numpages = {14},
 doi = {10.1109/TSC.2008.17},
 acmid = {1512290},
 publisher = {IEEE Computer Society},
 address = {Washington, DC, USA},
 keywords = {Composite Web Services, Web Services, Quality of Services},
}
