@book{koch2010introduction,
  title={Introduction to Bayesian Statistics},
  author={Koch, K.R.},
  isbn={9783642091834},
  url={http://books.google.ca/books?id=BkigcQAACAAJ},
  year={2010},
  publisher={Springer}
}
